<mx:record xmlns="http://www.w3.org/TR/xhtml1/strict" xmlns:mx="http://www.loc.gov/MARC21/slim" xmlns:xsi="http://www.w3.org/2001/XMLSchema-instance"><mx:leader>00000cz   2200000n  4500</mx:leader><mx:controlfield tag="001">oca00908120 </mx:controlfield><mx:controlfield tag="005">19951130151306.4</mx:controlfield><mx:controlfield tag="008">830727n| acannaab|          |a aaa |||  </mx:controlfield><mx:datafield ind1=" " ind2=" " tag="010"><mx:subfield code="a">n  83013974</mx:subfield></mx:datafield><mx:datafield ind1=" " ind2=" " tag="040"><mx:subfield code="a">DLC</mx:subfield><mx:subfield code="c">DLC</mx:subfield><mx:subfield code="d">DLC</mx:subfield></mx:datafield><mx:datafield ind1="0" ind2=" " tag="100"><mx:subfield code="a">Eupolis,</mx:subfield><mx:subfield code="d">ca. 446-411 B.C.</mx:subfield></mx:datafield><mx:datafield ind1="0" ind2=" " tag="400"><mx:subfield code="a">Eupolidis,</mx:subfield><mx:subfield code="d">ca. 446-411 B.C.</mx:subfield></mx:datafield><mx:datafield ind1="0" ind2=" " tag="400"><mx:subfield code="a">Eupolēs,</mx:subfield><mx:subfield code="d">ca. 446-411 B.C.</mx:subfield></mx:datafield><mx:datafield ind1=" " ind2=" " tag="670"><mx:subfield code="a">Pherecrates. Pherecratis et Eupolidis Fragmenta, 1829:</mx:subfield><mx:subfield code="b">t.p. (Eupolidis)</mx:subfield></mx:datafield><mx:datafield ind1=" " ind2=" " tag="670"><mx:subfield code="a">Enc. Brit., 1970</mx:subfield><mx:subfield code="b">(Eupolis, ca. 446-411 B.C.)</mx:subfield></mx:datafield><mx:datafield ind1=" " ind2=" " tag="670"><mx:subfield code="a">Eng. Amer., 1977</mx:subfield><mx:subfield code="b">(Eupolis, ca. 445-410 B.C.)</mx:subfield></mx:datafield><mx:datafield ind1=" " ind2=" " tag="670"><mx:subfield code="a">Seyffert, O. Dict. of classical antiq., 1956</mx:subfield><mx:subfield code="b">(Eupolis; b. ca. 446, d. before end of Pelop. War [404 B.C.])</mx:subfield></mx:datafield><mx:datafield ind1=" " ind2=" " tag="670"><mx:subfield code="a">LC class. sched.: PA 3972.E97</mx:subfield><mx:subfield code="b">(Eupolis, fl. 429-411 B.C.)</mx:subfield></mx:datafield><mx:datafield ind1=" " ind2=" " tag="670"><mx:subfield code="a">Hoi Dēmoi tou Eupolē, 1994:</mx:subfield><mx:subfield code="b">t.p. (Eupolē) p. 13 (b. 446 B.C. or 445 B.C. in Athens; d. 411 B.C.)</mx:subfield></mx:datafield><mx:datafield ind1=" " ind2=" " tag="999"><mx:subfield code="a">403</mx:subfield></mx:datafield></mx:record>